@book{catprog,
    author  = "Bartosz Milewski",
    title   = "Category Theory for Programmers",
    date    = "2017",
    edition = "Version 0.1"
}
